<?xml version="1.0" encoding="UTF-8"?><record xmlns="http://www.loc.gov/MARC21/slim" xmlns:cinclude="http://apache.org/cocoon/include/1.0" xmlns:zs="http://www.loc.gov/zing/srw/">
  <leader>00595nz  a2200145n  4500</leader>
  <controlfield tag="001">nb2011012176</controlfield>
  <controlfield tag="003">DLC</controlfield>
  <controlfield tag="005">20110513075059.0</controlfield>
  <controlfield tag="008">110511n| acannaabn          |n aaa      </controlfield>
  <datafield tag="010" ind1=" " ind2=" ">
    <subfield code="a">nb2011012176</subfield>
  </datafield>
  <datafield tag="035" ind1=" " ind2=" ">
    <subfield code="a">(Uk)008136699</subfield>
  </datafield>
  <datafield tag="040" ind1=" " ind2=" ">
    <subfield code="a">Uk</subfield>
    <subfield code="b">eng</subfield>
    <subfield code="c">Uk</subfield>
  </datafield>
  <datafield tag="100" ind1="1" ind2=" ">
    <subfield code="a">Byrne, Stephen,</subfield>
    <subfield code="d">1966-</subfield>
  </datafield>
  <datafield tag="670" ind1=" " ind2=" ">
    <subfield code="a">Pirates in profile, c1994:</subfield>
    <subfield code="b">t.p. (Stephen Byrne)</subfield>
  </datafield>
  <datafield tag="670" ind1=" " ind2=" ">
    <subfield code="a">Bristol Rovers on this day, 2006:</subfield>
    <subfield code="b">t.p. (Stephen Byrne) front flap (Stephen Byrne, born Wimbledon, 1966, has taught at Clayesmore School in Dorset, England; now works as Head of Languages and Housemaster, St. Andrew's School, Turi, Kenya)</subfield>
  </datafield>
</record>